<?xml version="1.0" encoding="UTF-8"?>
<record xmlns="http://www.loc.gov/MARC21/slim" xmlns:zs="http://docs.oasis-open.org/ns/search-ws/sruResponse">
 <leader>
  03253cpcaa22005177i 4500
 </leader>
 <controlfield tag="001">
  17948923
 </controlfield>
 <controlfield tag="005">
  20240830135907.0
 </controlfield>
 <controlfield tag="007">
  kh ho|
 </controlfield>
 <controlfield tag="008">
  131120i19992001nvu                 eng
 </controlfield>
 <datafield ind1=" " ind2=" " tag="906">
  <subfield code="a">
   7
  </subfield>
  <subfield code="b">
   cbc
  </subfield>
  <subfield code="c">
   orignew
  </subfield>
  <subfield code="d">
   u
  </subfield>
  <subfield code="e">
   ncip
  </subfield>
  <subfield code="f">
   20
  </subfield>
  <subfield code="g">
   y-folklife
  </subfield>
 </datafield>
 <datafield ind1=" " ind2=" " tag="955">
  <subfield code="a">
   mkru 2013-11-20
  </subfield>
  <subfield code="a">
   mkru 2014-05-28
  </subfield>
  <subfield code="a">
   mkru 2014-06-06
  </subfield>
  <subfield code="a">
   mkru 2017-09-19
  </subfield>
  <subfield code="a">
   kere 2019-04-08
  </subfield>
  <subfield code="a">
   masmit 2020-12-02
  </subfield>
  <subfield code="a">
   masmit 2024-08-30
  </subfield>
 </datafield>
 <datafield ind1=" " ind2=" " tag="010">
  <subfield code="a">
   2013655496
  </subfield>
 </datafield>
 <datafield ind1=" " ind2=" " tag="040">
  <subfield code="a">
   DLC
  </subfield>
  <subfield code="b">
   eng
  </subfield>
  <subfield code="e">
   dacs
  </subfield>
  <subfield code="c">
   DLC
  </subfield>
 </datafield>
 <datafield ind1=" " ind2=" " tag="043">
  <subfield code="a">
   n-us-nv
  </subfield>
 </datafield>
 <datafield ind1=" " ind2=" " tag="090">
  <subfield code="a">
   AFC 2013/038
  </subfield>
 </datafield>
 <datafield ind1="1" ind2=" " tag="100">
  <subfield code="a">
   Morin, Paula,
  </subfield>
  <subfield code="d">
   1945-
  </subfield>
  <subfield code="e">
   photographer.
  </subfield>
 </datafield>
 <datafield ind1="1" ind2="0" tag="245">
  <subfield code="a">
   Paula Morin collection :
  </subfield>
  <subfield code="b">
   Honest horses, wild horses in the Great Basin,
  </subfield>
  <subfield code="f">
   1999-2001.
  </subfield>
 </datafield>
 <datafield ind1="1" ind2="3" tag="246">
  <subfield code="a">
   Honest horses, wild horses in the Great Basin
  </subfield>
 </datafield>
 <datafield ind1=" " ind2=" " tag="300">
  <subfield code="a">
   1517
  </subfield>
  <subfield code="f">
   items
  </subfield>
  <subfield code="a">
   (3
  </subfield>
  <subfield code="f">
   containers ;
  </subfield>
  <subfield code="a">
   5
  </subfield>
  <subfield code="f">
   linear inches)
  </subfield>
 </datafield>
 <datafield ind1=" " ind2=" " tag="300">
  <subfield code="3">
   graphic materials
  </subfield>
  <subfield code="a">
   1377 photographs (negatives) :
  </subfield>
  <subfield code="b">
   film, black and white
  </subfield>
 </datafield>
 <datafield ind1=" " ind2=" " tag="300">
  <subfield code="3">
   graphic materials
  </subfield>
  <subfield code="a">
   40 photographic prints (giclee prints, handcolored) :
  </subfield>
  <subfield code="b">
   inkjet, color ;
  </subfield>
  <subfield code="c">
   various sizes
  </subfield>
 </datafield>
 <datafield ind1=" " ind2=" " tag="300">
  <subfield code="3">
   manuscripts
  </subfield>
  <subfield code="a">
   100
  </subfield>
  <subfield code="f">
   manuscript materials
  </subfield>
 </datafield>
 <datafield ind1=" " ind2=" " tag="520">
  <subfield code="a">
   Collection of photographic documentation of wild horse herds in the Nevada Great Basin made by Paula Morin during her work for the Nevada Arts Council, 1999-2001. The photographs were exhibited by the Nevada Arts Council in an exhibiton titled "Honest Horses: A Portrait of the Mustang in Nevada's Great Basin." The collection includes 21 prints described by the artist as giclee prints made from handpainted black and white photographs; and related publicity materials.
  </subfield>
 </datafield>
 <datafield ind1="8" ind2=" " tag="524">
  <subfield code="a">
   Paula Morin collection: Honest horses, wild horses in the Great Basin (AFC 2013/038), American Folklife Center, Library of Congress, Washington, D.C.
  </subfield>
 </datafield>
 <datafield ind1="0" ind2=" " tag="506">
  <subfield code="a">
   Collection is open for research. To request materials, please contact the Folklife Reading Room at http://hdl.loc.gov/loc.afc/folklife.contact
  </subfield>
 </datafield>
 <datafield ind1=" " ind2=" " tag="540">
  <subfield code="a">
   Duplication of collection materials may be governed by copyright and other restrictions.
  </subfield>
 </datafield>
 <datafield ind1=" " ind2=" " tag="541">
  <subfield code="a">
   Paula Morin;
  </subfield>
  <subfield code="c">
   Purchase;
  </subfield>
  <subfield code="d">
   2013.
  </subfield>
 </datafield>
 <datafield ind1=" " ind2=" " tag="541">
  <subfield code="3">
   19 giclee prints;
  </subfield>
  <subfield code="a">
   Paula Morin;
  </subfield>
  <subfield code="c">
   Accrual;
  </subfield>
  <subfield code="d">
   2019.
  </subfield>
 </datafield>
 <datafield ind1="1" ind2=" " tag="544">
  <subfield code="a">
   Related interviews conducted by Paula Morin for the exhibition sponsored by the Nevada Arts Council are in the: Nevada Arts Council "Honest Horses" exhibition collection (AFC 2014/019).
  </subfield>
 </datafield>
 <datafield ind1=" " ind2=" " tag="546">
  <subfield code="a">
   In English.
  </subfield>
 </datafield>
 <datafield ind1="0" ind2=" " tag="555">
  <subfield code="a">
   Finding aid is available in the Folklife Reading Room, Library of Congress and online
  </subfield>
  <subfield code="u">
   https://hdl.loc.gov/loc.afc/eadafc.af014003
  </subfield>
 </datafield>
 <datafield ind1=" " ind2=" " tag="581">
  <subfield code="a">
   Published in: Morin, Paula. Honest horses : wild horses in the Great Basin (Reno : University of Nevada Press, c2006)
  </subfield>
 </datafield>
 <datafield ind1=" " ind2="0" tag="650">
  <subfield code="a">
   Wild horses
  </subfield>
  <subfield code="z">
   Great Basin
  </subfield>
  <subfield code="v">
   Photographs.
  </subfield>
 </datafield>
 <datafield ind1=" " ind2="0" tag="650">
  <subfield code="a">
   Wild horses
  </subfield>
  <subfield code="z">
   Nevada
  </subfield>
  <subfield code="v">
   Photographs.
  </subfield>
 </datafield>
 <datafield ind1=" " ind2="7" tag="650">
  <subfield code="a">
   Horses
  </subfield>
  <subfield code="z">
   Nevada
  </subfield>
  <subfield code="y">
   1990-2000.
  </subfield>
  <subfield code="2">
   lctgm
  </subfield>
 </datafield>
 <datafield ind1=" " ind2="0" tag="650">
  <subfield code="a">
   Wilderness areas
  </subfield>
  <subfield code="z">
   Nevada
  </subfield>
  <subfield code="v">
   Photographs.
  </subfield>
 </datafield>
 <datafield ind1=" " ind2="0" tag="651">
  <subfield code="a">
   Nevada.
  </subfield>
 </datafield>
 <datafield ind1=" " ind2="7" tag="655">
  <subfield code="a">
   Inkjet prints.
  </subfield>
  <subfield code="2">
   gmgpc
  </subfield>
 </datafield>
 <datafield ind1=" " ind2="7" tag="655">
  <subfield code="a">
   Negatives.
  </subfield>
  <subfield code="2">
   gmgpc
  </subfield>
 </datafield>
 <datafield ind1=" " ind2="7" tag="655">
  <subfield code="a">
   Photographs.
  </subfield>
  <subfield code="2">
   aat
  </subfield>
 </datafield>
 <datafield ind1=" " ind2="7" tag="655">
  <subfield code="a">
   Manuscripts.
  </subfield>
  <subfield code="2">
   aat
  </subfield>
 </datafield>
 <datafield ind1="2" ind2=" " tag="710">
  <subfield code="a">
   Nevada Arts Council,
  </subfield>
  <subfield code="e">
   sponsor.
  </subfield>
 </datafield>
 <datafield ind1=" " ind2=" " tag="852">
  <subfield code="a">
   Library of Congress
  </subfield>
  <subfield code="b">
   American Folklife Center,
  </subfield>
  <subfield code="e">
   101 Independence Ave. S.E., Washington, DC USA 20540-4610
  </subfield>
  <subfield code="u">
   http://hdl.loc.gov/loc.afc/folklife.home
  </subfield>
 </datafield>
 <datafield ind1="4" ind2="2" tag="856">
  <subfield code="3">
   Finding aid
  </subfield>
  <subfield code="u">
   https://hdl.loc.gov/loc.afc/eadafc.af014003
  </subfield>
 </datafield>
 <datafield ind1=" " ind2=" " tag="985">
  <subfield code="a">
   afc/coll
  </subfield>
 </datafield>
 <datafield ind1=" " ind2=" " tag="985">
  <subfield code="a">
   afc/ead
  </subfield>
 </datafield>
</record>
